@article{karimi2013internet,
  title={What the Internet of Things (IoT) needs to become a reality},
  author={Karimi, Kaivan and Atkinson, Gary},
  journal={White Paper, FreeScale and ARM},
  pages={1--16},
  year={2013}
}

@article{bourne2017magnitude,
	title={Magnitude, temporal trends, and projections of the global prevalence of blindness and distance and near vision impairment: a systematic review and meta-analysis},
	author={Bourne, Rupert RA and Flaxman, Seth R and Braithwaite, Tasanee and Cicinelli, Maria V and Das, Aditi and Jonas, Jost B and Keeffe, Jill and Kempen, John H and Leasher, Janet and Limburg, Hans and others},
	journal={The Lancet Global Health},
	volume={5},
	number={9},
	pages={e888--e897},
	year={2017},
	publisher={Elsevier}
}

@misc{ng_2017, title={Google's Android powers more than 2 billion devices}, url={https://www.cnet.com/news/google-boasts-2-billion-active-android-devices/}, journal={CNET}, author={Ng, Alfred}, year={2017}, month={May}}

@article{gandhewar2010google,
	title={Google Android: An emerging software platform for mobile devices},
	author={Gandhewar, Nisarg and Sheikh, Rahila},
	journal={International Journal on Computer Science and Engineering},
	volume={1},
	number={1},
	pages={12--17},
	year={2010}
}

@misc{androiddevelopers, title={Platform Architecture  |  Android Developers}, url={https://developer.android.com/guide/platform/}, journal={Android Developers}}